<?xml version="1.0" encoding="UTF-8"?><collection xmlns="http://www.loc.gov/MARC21/slim"><record><leader>00401nam--2200133-i-4500</leader><controlfield tag="001">000011618</controlfield><controlfield tag="002">20161230</controlfield><controlfield tag="005">20161230201029</controlfield><controlfield tag="008">060222s1000------------r-----000-0-eng-d</controlfield><datafield ind1=" " ind2=" " tag="080"><subfield code="a">539.12.162.8(047.1)</subfield></datafield><datafield ind1=" " ind2=" " tag="100"><subfield code="a">Benvenuti, A./S.A.</subfield></datafield><datafield ind1=" " ind2=" " tag="245"><subfield code="a">Observation of new particle production by high energy neutrinos and antineutrinos</subfield></datafield><datafield ind1=" " ind2=" " tag="260"><subfield code="a">Cambridge, Massachusetts, /1976/. 7p. + 4 Pl</subfield></datafield><datafield ind1=" " ind2=" " tag="852"><subfield code="a">42888</subfield></datafield></record></collection>